%%%%%%%%%%%%%%%%%%% Thesis  References %%%%%%%%%%%%%% 
@article{kaur2015suitability,
  title={Suitability of Existing Software Development Life Cycle (SDLC) in Context of Mobile Application Development Life Cycle (MADLC)},
  author={Kaur, Anureet and Kaur, Kulwant},
  journal={International Journal of Computer Applications},
  volume={116},
  number={19},
  year={2015},
  publisher={Foundation of Computer Science}
}

@inproceedings{corral2013software,
  title={Software development processes for mobile systems: Is agile really taking over the business?},
  author={Corral, Luis and Sillitti, Alberto and Succi, Giancarlo},
  booktitle={Engineering of Mobile-Enabled Systems (MOBS), 2013 1st International Workshop on the},
  pages={19--24},
  year={2013},
  organization={IEEE}
}

@inproceedings{scharff2010scrum,
  title={Scrum to support mobile application development projects in a just-in-time learning context},
  author={Scharff, Christelle and Verma, Ravi},
  booktitle={Proceedings of the 2010 ICSE Workshop on Cooperative and Human Aspects of Software Engineering},
  pages={25--31},
  year={2010},
  organization={ACM}
}

@article{flora2014adopting,
  title={Adopting an agile approach for the development of mobile applications},
  author={Flora, Harleen K and Chande, Swati V and Wang, Xiaofeng},
  journal={International Journal of Computer Applications},
  volume={94},
  number={17},
  year={2014},
  publisher={Foundation of Computer Science}
}

@article{cho2009hybrid,
  title={A hybrid software development method for large-scale projects: rational unified process with scrum},
  author={Cho, Juyun},
  journal={Journal of Issues in Information Systems},
  volume={5},
  number={2},
  pages={340--348},
  year={2009}
}

@article{dybaa2008empirical,
  title={Empirical studies of agile software development: A systematic review},
  author={Dyb{\aa}, Tore and Dings{\o}yr, Torgeir},
  journal={Information and software technology},
  volume={50},
  number={9},
  pages={833--859},
  year={2008},
  publisher={Elsevier}
}

@article{mohammad2013agile,
  title={Agile Software Methodologies: Strength and Weakness},
  author={Mohammad, Adel Hamdan and Alwada'n, Tariq and others},
  journal={International Journal of Engineering Science and Technology},
  volume={5},
  number={3},
  pages={455},
  year={2013},
  publisher={Engg Journals Publications}
}

@article{kaleel2013applying,
  title={Applying agile methodology in mobile software engineering: Android application development and its challenges},
  author={Kaleel, Shakira Banu and Harishankar, Ssowjanya},
  journal={Computer Science Technical Reports},
  year={2013}
}

@inproceedings{dehlinger2011mobile,
  title={Mobile application software engineering: Challenges and research directions},
  author={Dehlinger, Josh and Dixon, Jeremy},
  booktitle={Workshop on Mobile Software Engineering},
  volume={2},
  pages={29--32},
  year={2011}
}

@article{oulasvirta2011does,
  title={What does it mean to be good at using a mobile device? An investigation of three levels of experience and skill},
  author={Oulasvirta, Antti and Wahlstr{\"o}m, Mikael and Ericsson, K Anders},
  journal={International journal of human-computer studies},
  volume={69},
  number={3},
  pages={155--169},
  year={2011},
  publisher={Elsevier}
}

@inproceedings{wasserman2010software,
  title={Software engineering issues for mobile application development},
  author={Wasserman, Anthony I},
  booktitle={Proceedings of the FSE/SDP workshop on Future of software engineering research},
  pages={397--400},
  year={2010},
  organization={ACM}
}

@article{flora2014investigation,
  title={An investigation into mobile application development processes: Challenges and best practices},
  author={Flora, Harleen K and Wang, Xiaofeng and Chande, Swati V},
  journal={International Journal of Modern Education and Computer Science},
  volume={6},
  number={6},
  pages={1},
  year={2014},
  publisher={Modern Education and Computer Science Press}
}

@inproceedings{liu2010adaptive,
  title={Adaptive random testing of mobile application},
  author={Liu, Zhifang and Gao, Xiaopeng and Long, Xiang},
  booktitle={Computer Engineering and Technology (ICCET), 2010 2nd International Conference on},
  volume={2},
  pages={V2--297},
  year={2010},
  organization={IEEE}
}

@inproceedings{corral2013agile,
  title={Agile software development processes for mobile systems: Accomplishment, evidence and evolution},
  author={Corral, Luis and Sillitti, Alberto and Succi, Giancarlo},
  booktitle={International Conference on Mobile Web and Information Systems},
  pages={90--106},
  year={2013},
  organization={Springer}
}

@article{flora2013review,
  title={A REVIEW AND ANAYSIS ON MOBILE APPLICATION DEVELOPMENT PROCESSES USING AGILE METHODLOGIES},
  author={Flora, Harleen K and Chande, Swati V},
  journal={International Journal of Research in Computer Science},
  volume={3},
  number={4},
  pages={9},
  year={2013},
  publisher={White Globe Publications}
}

@article{petersen2009comparison,
  title={A comparison of issues and advantages in agile and incremental development between state of the art and an industrial case},
  author={Petersen, Kai and Wohlin, Claes},
  journal={Journal of systems and software},
  volume={82},
  number={9},
  pages={1479--1490},
  year={2009},
  publisher={Elsevier}
}

@article{jesson2006or,
  title={How to do (or not to do) a critical literature review},
  author={Jesson, Jill and Lacey, Fiona},
  journal={Pharmacy education},
  volume={6},
  year={2006}
}

@article{beck2001manifesto,
  title={Manifesto for agile software development},
  author={Beck, Kent and Beedle, Mike and Van Bennekum, Arie and Cockburn, Alistair and Cunningham, Ward and Fowler, Martin and Grenning, James and Highsmith, Jim and Hunt, Andrew and Jeffries, Ron and others},
  year={2001}
}

@book{goldman1995agile,
  title={Agile competitors and virtual organizations: strategies for enriching the customer},
  author={Goldman, Steven L},
  year={1995},
  publisher={Van Nostrand Reinhold Company}
}

@article{mansor2011success,
  title={Success Determinants in Agile Software Development Methodology},
  author={Mansor, Zulkefli and Yahya, Saadiah and Arshad, Noor Habibah and Campus, Bestari Jaya and Tambahan, Jalan Timur},
  journal={Procedia Engineering},
  year={2011}
}

@article{wan2010empirical,
  title={Empirical research on critical success factors of agile software process improvement},
  author={Wan, Jiangping and Wang, Ruoting},
  journal={Journal of Software Engineering and Applications},
  volume={3},
  number={12},
  pages={1131},
  year={2010},
  publisher={Scientific Research Publishing}
}

@inproceedings{melo2011agile,
  title={Agile team perceptions of productivity factors},
  author={Melo, Claudia and Cruzes, Daniela S and Kon, Fabio and Conradi, Reidar},
  booktitle={Agile Conference (AGILE), 2011},
  pages={57--66},
  year={2011},
  organization={IEEE}
}

@article{asnawi2011empirical,
  title={Empirical investigation on agile methods usage: issues identified from early adopters in Malaysia},
  author={Asnawi, Ani Liza and Gravell, Andrew M and Wills, Gary B},
  journal={Agile Processes in Software Engineering and Extreme Programming},
  pages={192--207},
  year={2011},
  publisher={Springer}
}

@article{kumar2012factors,
  title={Factors Influencing Agile Practices: A Survey},
  author={Kumar, Akhil and Goel, Bindu},
  journal={International Journal of Engineering Research and Applications},
  volume={2},
  number={4},
  pages={1347--1352},
  year={2012}
}

@article{abdalhamid2017factors,
  title={Factors in Agile Methods Adoption},
  author={Abdalhamid, Samia and Mishra, Alok},
  year={2017}
}

@article{vijayasarathy2008agile,
  title={Agile software development: A survey of early adopters},
  author={Vijayasarathy, LEOR and Turk, Dan},
  journal={Journal of Information Technology Management},
  volume={19},
  number={2},
  pages={1--8},
  year={2008}
}

@article{chow2008survey,
  title={A survey study of critical success factors in agile software projects},
  author={Chow, Tsun and Cao, Dac-Buu},
  journal={Journal of systems and software},
  volume={81},
  number={6},
  pages={961--971},
  year={2008},
  publisher={Elsevier}
}

@inproceedings{abrahamsson2003new,
  title={New directions on agile methods: a comparative analysis},
  author={Abrahamsson, Pekka and Warsta, Juhani and Siponen, Mikko T and Ronkainen, Jussi},
  booktitle={Software Engineering, 2003. Proceedings. 25th International Conference on},
  pages={244--254},
  year={2003},
  organization={Ieee}
}

@inproceedings{abrahamsson2005keynote,
  title={Keynote: Mobile software development--the business opportunity of today},
  author={Abrahamsson, Pekka},
  booktitle={proceedings of the International Conference on Software Development},
  pages={20--23},
  year={2005}
}

@inproceedings{santos2016investigating,
  title={Investigating the Adoption of Agile Practices in Mobile Application Development.},
  author={Santos, Alan R and Kroll, Josiane and Sales, Afonso and Fernandes, Paulo and Wildt, Daniel},
  booktitle={ICEIS (1)},
  pages={490--497},
  year={2016}
}

@inproceedings{abrahamsson2004mobile,
  title={Mobile-D: an agile approach for mobile application development},
  author={Abrahamsson, Pekka and Hanhineva, Antti and Hulkko, Hanna and Ihme, Tuomas and J{\"a}{\"a}linoja, Juho and Korkala, Mikko and Koskela, Juha and Kyll{\"o}nen, Pekka and Salo, Outi},
  booktitle={Companion to the 19th annual ACM SIGPLAN conference on Object-oriented programming systems, languages, and applications},
  pages={174--175},
  year={2004},
  organization={ACM}
}

@inproceedings{jeong2008development,
  title={Development process of mobile application SW based on agile methodology},
  author={Jeong, Yang-Jae and Lee, Ji-Hyeon and Shin, Gyu-Sang},
  booktitle={Advanced Communication Technology, 2008. ICACT 2008. 10th International Conference on},
  volume={1},
  pages={362--366},
  year={2008},
  organization={IEEE}
}

@inproceedings{rahimian2008designing,
  title={Designing an agile methodology for mobile software development: A hybrid method engineering approach},
  author={Rahimian, Vahid and Ramsin, Raman},
  booktitle={Research Challenges in Information Science, 2008. RCIS 2008. Second International Conference on},
  pages={337--342},
  year={2008},
  organization={IEEE}
}

@inproceedings{da2011sless,
  title={SLeSS: A Scrum and Lean Six Sigma integration approach for the development of sofware customization for mobile phones},
  author={da Cunha, Thiago Ferraz V and Dantas, Valeria LL and Andrade, Rossana MC},
  booktitle={Software Engineering (SBES), 2011 25th Brazilian Symposium on},
  pages={283--292},
  year={2011},
  organization={IEEE}
}

@article{kumar2016challenges,
  title={Challenges and Best Practices in Mobile Application Development},
  author={Kumar, N Ajit and Krishna, KT Hari and Manjula, R},
  journal={Imperial Journal of Interdisciplinary Research},
  volume={2},
  number={12},
  year={2016}
}

@inproceedings{guo2014automated,
  title={An automated testing approach for inter-application security in Android},
  author={Guo, Chenkai and Xu, Jing and Yang, Hongji and Zeng, Ying and Xing, Shuang},
  booktitle={Proceedings of the 9th International Workshop on Automation of Software Test},
  pages={8--14},
  year={2014},
  organization={ACM}
}

@book{yin2013case,
  title={Case study research: Design and methods},
  author={Yin, Robert K},
  year={2013},
  publisher={Sage publications}
}

@book{creswell2017qualitative,
  title={Qualitative inquiry and research design: Choosing among five approaches},
  author={Creswell, John W and Poth, Cheryl N},
  year={2017},
  publisher={Sage publications}
}

@article{runeson2009guidelines,
  title={Guidelines for conducting and reporting case study research in software engineering},
  author={Runeson, Per and H{\"o}st, Martin},
  journal={Empirical software engineering},
  volume={14},
  number={2},
  pages={131},
  year={2009},
  publisher={Springer}
}

@inproceedings{verner2009guidelines,
  title={Guidelines for industrially-based multiple case studies in software engineering},
  author={Verner, June M and Sampson, Jennifer and Tosic, Vladimir and Bakar, NA Abu and Kitchenham, Barbara A},
  booktitle={Research Challenges in Information Science, 2009. RCIS 2009. Third International Conference on},
  pages={313--324},
  year={2009},
  organization={IEEE}
}

@book{hancock2016doing,
  title={Doing case study research: A practical guide for beginning researchers},
  author={Hancock, Dawson R and Algozzine, Bob},
  year={2016},
  publisher={Teachers College Press}
}

@article{clarke2013teaching,
  title={Teaching thematic analysis: Overcoming challenges and developing strategies for effective learning},
  author={Clarke, Victoria and Braun, Virginia},
  journal={The psychologist},
  volume={26},
  number={2},
  pages={120--123},
  year={2013},
  publisher={British Psychological Society}
}

@article{merton1975thematic,
  title={Thematic analysis in science: notes on Holton's concept},
  author={Merton, Robert K},
  journal={Science},
  volume={188},
  number={4186},
  pages={335--338},
  year={1975},
  publisher={JSTOR}
}

@book{robson2016real,
  title={Real world research},
  author={Robson, Colin and McCartan, Kieran},
  year={2016},
  publisher={John Wiley \& Sons}
}

@inproceedings{cruzes2011recommended,
  title={Recommended steps for thematic synthesis in software engineering},
  author={Cruzes, Daniela S and Dyba, Tore},
  booktitle={Empirical Software Engineering and Measurement (ESEM), 2011 International Symposium on},
  pages={275--284},
  year={2011},
  organization={IEEE}
}

@inproceedings{zein2015mobile,
  title={Mobile application testing in industrial contexts: an exploratory multiple case-study},
  author={Zein, Samer and Salleh, Norsaremah and Grundy, John},
  booktitle={International Conference on Intelligent Software Methodologies, Tools, and Techniques},
  pages={30--41},
  year={2015},
  organization={Springer}
}
%%%%%%%% more %%%%%%%%%%%%%%%%%%%%%%%%%%%%%%%%%%%%%
@article{holler2006mobile,
  title={Mobile application development: a natural fit with agile methodologies},
  author={Holler, Robert},
  journal={VerisonOne LLC, Alpharetta},
  year={2006}
}
@article{ashishdeep2016software,
  title={Software Process Models for Mobile Application Development: A Review},
  author={Ashishdeep, Anitha and Bhatia, Jitendra and Varma, Krunal},
  journal={Computer Science and Electronic Journal},
  volume={7},
  number={1},
  pages={150--153},
  year={2016}
}
@article{sharma2012agile,
  title={Agile processes and methodologies: A conceptual study},
  author={Sharma, Sheetal and Sarkar, Darothi and Gupta, Divya},
  journal={International journal on computer science and Engineering},
  volume={4},
  number={5},
  pages={892},
  year={2012},
  publisher={Engg Journals Publications}
}
@inproceedings{abbas2008historical,
  title={Historical roots of agile methods: Where did “Agile thinking” come from?},
  author={Abbas, Noura and Gravell, Andrew M and Wills, Gary B},
  booktitle={International Conference on Agile Processes and Extreme Programming in Software Engineering},
  pages={94--103},
  year={2008},
  organization={Springer}
}
@inproceedings{petersen2008issues,
  title={Issues and advantages of using agile and incremental practices},
  author={Petersen, Kai and Wohlin, Claes},
  booktitle={Software Engineering Research and Practice},
  year={2008}
}
@article{petersen2010effect,
  title={The effect of moving from a plan-driven to an incremental software development approach with agile practices},
  author={Petersen, Kai and Wohlin, Claes},
  journal={Empirical Software Engineering},
  volume={15},
  number={6},
  pages={654--693},
  year={2010},
  publisher={Springer}
}
@article{leffingwell2004tactical,
  title={Tactical Management of Agile Development: Achieving Competitive Advantage},
  author={Leffingwell, Dean and Muirhead, Dave},
  journal={Rally Software Development Corporation},
  pages={1--23},
  year={2004},
  publisher={Citeseer}
}
@article{flora2014systematic,
  title={A systematic study on agile software development methodologies and practices},
  author={Flora, Harleen K and Chande, Swati V},
  journal={International Journal of Computer Science and Information Technologies},
  volume={5},
  number={3},
  pages={3626--3637},
  year={2014},
  publisher={Citeseer}
}
@article{xihui2005software,
  title={Software development methodologies trends and implications},
  author={Xihui, Zhang},
  journal={Adopting the IS 2009 model curriculum: A panel session to Address the Challenges for Program Implementation: 173, 2009. Engineering \& Remote Sensing},
  volume={71},
  number={4},
  pages={415--424},
  year={2005}
}
@article{cao2009framework,
  title={A framework for adapting agile development methodologies},
  author={Cao, Lan and Mohan, Kannan and Xu, Peng and Ramesh, Balasubramaniam},
  journal={European Journal of Information Systems},
  volume={18},
  number={4},
  pages={332--343},
  year={2009},
  publisher={Springer}
}
@book{beck2000extreme,
  title={Extreme programming explained: embrace change},
  author={Beck, Kent},
  year={2000},
  publisher={addison-wesley professional}
}
@article{mishra2009execution,
  title={Execution Capabilities of Distributed Technology Projects: A Comparative Evaluation of Efficiency Using Stochastic Frontier Analysis},
  author={Mishra, Anant and Sinha, Kingshuk K and Thirumalai, Sriram},
  year={2009}
}
@article{fenton1998employee,
  title={Employee involvement and the middle manager: evidence from a survey of organizations},
  author={Fenton-O'Creevy, Mark},
  journal={Journal of Organizational Behavior},
  pages={67--84},
  year={1998},
  publisher={JSTOR}
}
@article{guzzo1996teams,
  title={Teams in organizations: Recent research on performance and effectiveness},
  author={Guzzo, Richard A and Dickson, Marcus W},
  journal={Annual review of psychology},
  volume={47},
  number={1},
  pages={307--338},
  year={1996},
  publisher={Annual Reviews 4139 El Camino Way, PO Box 10139, Palo Alto, CA 94303-0139, USA}
}
@book{highsmith2009agile,
  title={Agile project management: creating innovative products},
  author={Highsmith, Jim},
  year={2009},
  publisher={Pearson Education}
}
@article{szalvay2004introduction,
  title={An introduction to agile software development},
  author={Szalvay, Victor},
  journal={Danube technologies},
  volume={3},
  year={2004}
}
@article{awad2005comparison,
  title={A comparison between agile and traditional software development methodologies},
  author={Awad, MA},
  journal={University of Western Australia},
  year={2005}
}
@inproceedings{boehm2004balancing,
  title={Balancing agility and discipline: Evaluating and integrating agile and plan-driven methods},
  author={Boehm, Barry and Turner, Richard},
  booktitle={Software Engineering, 2004. ICSE 2004. Proceedings. 26th International Conference on},
  pages={718--719},
  year={2004},
  organization={IEEE}
}
@inproceedings{nagy2010bayesian,
  title={A bayesian based method for agile software development release planning and project health monitoring},
  author={Nagy, Ahmed and Njima, Mercy and Mkrtchyan, Lusine},
  booktitle={Intelligent Networking and Collaborative Systems (INCOS), 2010 2nd International Conference on},
  pages={192--199},
  year={2010},
  organization={IEEE}
}
@article{norin2006lean,
  title={Lean configuration management},
  author={Norin, Jens and Karlstr{\"o}m, Daniel},
  journal={Softhouse Consulting, Stormgatan},
  volume={14},
  year={2006}
}
@inproceedings{speicher2014ensuring,
  title={Ensuring web interface quality through usability-based split testing},
  author={Speicher, Maximilian and Both, Andreas and Gaedke, Martin},
  booktitle={International Conference on Web Engineering},
  pages={93--110},
  year={2014},
  organization={Springer}
}
@incollection{camara2009facilitating,
  title={Facilitating Controlled Tests of Website Design Changes Using Aspect-Oriented Software Development and Software Product Lines},
  author={C{\'a}mara, Javier and Kobsa, Alfred},
  booktitle={Transactions on Large-Scale Data-and Knowledge-Centered Systems I},
  pages={116--135},
  year={2009},
  publisher={Springer}
}
@inproceedings{crook2009seven,
  title={Seven pitfalls to avoid when running controlled experiments on the web},
  author={Crook, Thomas and Frasca, Brian and Kohavi, Ron and Longbotham, Roger},
  booktitle={Proceedings of the 15th ACM SIGKDD international conference on Knowledge discovery and data mining},
  pages={1105--1114},
  year={2009},
  organization={ACM}
}
@article{suomalainen2015continuous,
  title={Continuous planning: an important aspect of agile and lean development},
  author={Suomalainen, Tanja and Kuusela, Raija and Tihinen, Maarit},
  journal={International Journal of Agile Systems and Management},
  volume={8},
  number={2},
  pages={132--162},
  year={2015},
  publisher={Inderscience Publishers (IEL)}
}
@article{kappel2001perspectives,
  title={Perspectives on roadmaps: how organizations talk about the future},
  author={Kappel, Thomas A},
  journal={Journal of Product Innovation Management},
  volume={18},
  number={1},
  pages={39--50},
  year={2001},
  publisher={Elsevier}
}
@article{kostoff2001science,
  title={Science and technology roadmaps},
  author={Kostoff, Ronald N and Schaller, Robert R},
  journal={IEEE Transactions on engineering management},
  volume={48},
  number={2},
  pages={132--143},
  year={2001},
  publisher={IEEE}
}
@inproceedings{racheva2008supporting,
  title={Supporting the dynamic reprioritization of requirements in agile development of software products},
  author={Racheva, Zornitza and Daneva, Maya and Buglione, Luigi},
  booktitle={Software Product Management, 2008. IWSPM'08. Second International Workshop on},
  pages={49--58},
  year={2008},
  organization={IEEE}
}
@article{cao2008agile,
  title={Agile requirements engineering practices: An empirical study},
  author={Cao, Lan and Ramesh, Balasubramaniam},
  journal={IEEE software},
  volume={25},
  number={1},
  year={2008},
  publisher={IEEE}
}
@article{de2010requirements,
  title={Requirements engineering in agile software development},
  author={De Lucia, Andrea and Qusef, Abdallah},
  journal={Journal of Emerging Technologies in Web Intelligence},
  volume={2},
  number={3},
  pages={212--220},
  year={2010},
  publisher={Academy Publisher, PO Box 40 Oulu 90571 Finland}
}
@article{perini2009tool,
  title={Tool-supported requirements prioritization: Comparing the AHP and CBRank methods},
  author={Perini, Anna and Ricca, Filippo and Susi, Angelo},
  journal={Information and Software Technology},
  volume={51},
  number={6},
  pages={1021--1032},
  year={2009},
  publisher={Elsevier}
}
@article{su2015empirical,
  title={An empirical study of the Decision-making process in Agile software development based on industries from China},
  author={Su, Feiyi and Zhu, Linkai},
  year={2015}
}
@article{ivan2014statistical,
  title={Statistical indicators for measuring innovation in IT project management},
  author={Ivan, Ion and Despa, Mihai Liviu},
  journal={Procedia Economics and Finance},
  volume={10},
  pages={167--177},
  year={2014},
  publisher={Elsevier}
}
@inproceedings{olsson2012climbing,
  title={Climbing the" Stairway to Heaven"--A Mulitiple-Case Study Exploring Barriers in the Transition from Agile Development towards Continuous Deployment of Software},
  author={Olsson, Helena Holmstr{\"o}m and Alahyari, Hiva and Bosch, Jan},
  booktitle={Software Engineering and Advanced Applications (SEAA), 2012 38th EUROMICRO Conference on},
  pages={392--399},
  year={2012},
  organization={IEEE}
}
@article{fitzgerald2006customising,
  title={Customising agile methods to software practices at Intel Shannon},
  author={Fitzgerald, Brian and Hartnett, Gerard and Conboy, Kieran},
  journal={European Journal of Information Systems},
  volume={15},
  number={2},
  pages={200--213},
  year={2006},
  publisher={Springer}
}
@article{maurer2002extreme,
  title={Extreme programming. Rapid development for Web-based applications},
  author={Maurer, Frank and Martel, Sebastien},
  journal={IEEE Internet computing},
  volume={6},
  number={1},
  pages={86--90},
  year={2002},
  publisher={IEEE}
}
@incollection{moser2008case,
  title={A case study on the impact of refactoring on quality and productivity in an agile team},
  author={Moser, Raimund and Abrahamsson, Pekka and Pedrycz, Witold and Sillitti, Alberto and Succi, Giancarlo},
  booktitle={Balancing Agility and Formalism in Software Engineering},
  pages={252--266},
  year={2008},
  publisher={Springer}
}
@book{fowler1999refactoring,
  title={Refactoring: improving the design of existing code},
  author={Fowler, Martin and Beck, Kent},
  year={1999},
  publisher={Addison-Wesley Professional}
}
@inproceedings{lindvall2002empirical,
  title={Empirical findings in agile methods},
  author={Lindvall, Mikael and Basili, Vic and Boehm, Barry and Costa, Patricia and Dangle, Kathleen and Shull, Forrest and Tesoriero, Roseanne and Williams, Laurie and Zelkowitz, Marvin},
  booktitle={Conference on extreme programming and agile methods},
  pages={197--207},
  year={2002},
  organization={Springer}
}
@inproceedings{sedano2016practice,
  title={Practice and perception of team code ownership},
  author={Sedano, Todd and Ralph, Paul and P{\'e}raire, C{\'e}cile},
  booktitle={Proceedings of the 20th International Conference on Evaluation and Assessment in Software Engineering},
  pages={36},
  year={2016},
  organization={ACM}
}
@article{zein2016systematic,
  title={A systematic mapping study of mobile application testing techniques},
  author={Zein, Samer and Salleh, Norsaremah and Grundy, John},
  journal={Journal of Systems and Software},
  volume={117},
  pages={334--356},
  year={2016},
  publisher={Elsevier}
}
@article{bhosalearchitectural,
  title={Architectural considerations while developing Enterprise Mobile Applications},
  author={Bhosale, Suhas and Bhosale, Monali},
  journal={International Journal of Scientific and Research Publications},
  year={2014}
}
@article{nitze2014case,
  title={The Case for Web Technologies in Mobile Business Apps},
  author={Nitze, Andr{\'e}},
  journal={Web Technologies for Business Apps},
  pages={87--96},
  year={2014}
}
@article{unhelkar2010enterprise,
  title={The enterprise mobile applications development framework},
  author={Unhelkar, Bhuvan and Murugesan, San},
  journal={IT professional},
  volume={12},
  number={3},
  pages={33--39},
  year={2010},
  publisher={IEEE}
}